@inproceedings{crossings,
  title={Crossings and permutations},
  author={Biedl, Therese and Brandenburg, Franz J and Deng, Xiaotie},
  booktitle={International Symposium on Graph Drawing},
  pages={1--12},
  year={2005},
  organization={Springer}
}
@inproceedings{shutova2016,
  author={Shutova, Ekaterina and Kiela, Douwe and Maillard, Jean},
  title={Black Holes and White Rabbits: Metaphor Identification with Visual Features},
  booktitle={Proceedings of the 2016 Conference of the North American Chapter of the Association for Computational Linguistics},
  year={2016},
  publisher={Association for Computational Linguistics},
  pages={160--170},
  doi={10.18653/v1/N16-1020}
}
@comment{
  location={San Diego, California},
  url={http://aclweb.org/anthology/N16-1020}
}
@inproceedings{tsvetkov2014,
  author={Tsvetkov, Yulia and Boytsov, Leonid and Gershman, Anatole and Nyberg, Eric and Dyer, Chris},
  title={Metaphor Detection with Cross-Lingual Model Transfer},
  booktitle={Proceedings of the 52nd Annual Meeting of the Association for Computational Linguistics},
  year={2014},
  publisher={Association for Computational Linguistics},
  pages={248--258},
}
@comment{
  location={Baltimore, Maryland},
  doi={10.3115/v1/P14-1024},
  url={http://aclweb.org/anthology/P14-1024}
}
@article{kusumi1987,
  title={Effects of categorical dissimilarity and affective similarity between constituent words on metaphor appreciation},
  author={Kusumi, Takashi},
  journal={Journal of Psycholinguistic Research},
  volume={16},
  number={6},
  pages={577--595},
  year={1987},
  publisher={Springer}
}
@inproceedings{terai2012,
  title={Examining an evaluation mechanism of metaphor generation with experiments and computational model simulation},
  author={Terai, Asuka and Abe, Keiga and Nakagawa, Masanori},
  booktitle={International Conference on Artificial Neural Networks},
  pages={403--410},
  year={2012},
  organization={Springer}
}
@inproceedings{abe2006,
  title={A computational model of metaphor generation process},
  author={Abe, Keiga and Sakamoto, Kayo and Nakagawa, Masanori},
  booktitle={Proceedings of the 28th Annual Meeting of the Cognitive Science Society},
  pages={937--942},
  year={2006}
}
@article{enkitada2001,
  author={Kitada, Junya and Hagiwara, Masafumi},
  title={Figurative composition support system using electronic dictionaries (in {J}apanese)},
  journal={Transactions of Information Processing Society of Japan},
  publisher={Information Processing Society of Japan},
  year={2001},
  volume={42},
  number={5},
  pages={1232--1241}
}
@comment{
  month={may},
  ISSN={1882-7764},
  URL={http://ci.nii.ac.jp/naid/110002725821/},
  DOI={},
}
@article{kintsch2000,
  title={Metaphor comprehension: A computational theory},
  author={Kintsch, Walter},
  journal={Psychonomic bulletin \& review},
  volume={7},
  number={2},
  pages={257--266},
  year={2000},
  publisher={Springer}
}

@article{pulvermueller1999,
  title = "Semantic or lexico-syntactic factors: what determines word-class specific activity in the human brain?",
  journal = "Neuroscience Letters",
  volume = "275",
  number = "2",
  pages = "81--84",
  year = "1999",
  doi = "http://doi.org/10.1016/S0304-3940(99)00724-7",
  url = "http://www.sciencedirect.com/science/article/pii/S0304394099007247",
  author = "Friedemann Pulverm{\"u}ller and Bettina Mohr and Hans Schleichert",
}
@inbook{pulvermueller2008,
  title={Brain Embodiment of Category-Specific Semantic Memory Circuits},
  doi={10.1017/CBO9780511805837.004},
  booktitle={Embodied Grounding: Social, Cognitive, Affective, and Neuroscientific Approaches},
  publisher={Cambridge University Press},
  author={Pulvermüller, Friedemann},
  year={2008},
  pages={71–97}
}
@incollection{Boroditsky2008-BORBEO,
	booktitle = {Embodied Grounding: Social, Cognitive, Affective, and Neuroscientific Approaches},
	publisher = {Cambridge University Press},
	author = {L. Boroditsky and J. Prinz},
	title = {Brain Embodiment of Category-Specific Semantic Memory Circuits},
	year = {2008},
	editor = {G. R. Semin and Eliot R. Smith}
}
@inproceedings{turney2011,
  title={Literal and metaphorical sense identification through concrete and abstract context},
  author={Turney, Peter D and Neuman, Yair and Assaf, Dan and Cohen, Yohai},
  booktitle={Proceedings of the 2011 Conference on the Empirical Methods in Natural Language Processing},
  pages={680--690},
  year={2011}
}
@article{clausner1997,
  title={Productivity and schematicity in metaphors},
  author={Clausner, Timothy C and Croft, William},
  journal={Cognitive science},
  volume={21},
  number={3},
  pages={247--282},
  year={1997},
  publisher={Elsevier}
}
@book{lakoff1987,
  author={Lakoff, George},
  title={Women, fire, and dangerous things : what categories reveal about the mind},
  publisher={University of Chicago Press},
  year={1987},
  address={Chicago}
}
@comment{
  isbn={0226468046}
}
@book{ennabeshima2011,
  title={Nihongo no metaf\={a} (in {J}apanese)},
  year={2011},
  author={Nabeshima, Kojiro},
  publisher={Kurosio Publishers}
}
@book{nabeshima2011,
  title={日本語のメタファー},
  year={2011},
  author={鍋島弘治朗},
  publisher={くろしお出版}
}
@comment{
  isbn={9784874245125},
  lccn={2011375932},
  url={https://books.google.co.jp/books?id=jKO7XwAACAAJ},
}

@book{steen2010,
   author={Steen, Gerard J.
            and Dorst, Aletta G.
            and Herrmann, J. Berenike
            and Kaal, Anna
            and Krennmayr, Tina
            and Pasma, Trijntje},
   title={A Method for Linguistic Metaphor Identification: From MIP to MIPVU},
   publisher={John Benjamins Publishing},
   year={2010},
}
@comment{
   url={https://benjamins.com/#catalog/books/celcr.14/main}
}
@book{nabeshima2016,
  author={鍋島弘治朗},
  title={メタファーと身体性},
  year={2016},
  publisher={ひつじ書房}
}
@comment{
  isbn={9784894766211},
  url={https://books.google.co.jp/books?id=l-w1vgAACAAJ},
}
@article{kuroda2005,
  title={概念メタファーの体系性, 生産性はどの程度か?--被害の発生に関係するメタファーの成立基盤の記述を通じて (特集 比喩の世界)},
  author={黒田航},
  journal={日本語学},
  volume={24},
  number={6},
  pages={38--57},
  year={2005},
  publisher={明治書院}
}
@phdthesis{shutova2011,
  title={Computational approaches to figurative language},
  author={Shutova, Ekaterina V},
  year={2011},
  institution={University of Cambridge, Computer Laboratory}
}
@article{death,
  title={The death of dead metaphor},
  author={Lakoff, George},
  journal={Metaphor and symbol},
  volume={2},
  number={2},
  pages={143--147},
  year={1987},
  publisher={Taylor \& Francis}
}
@book{deignan,
  title={Metaphor and Corpus Linguistics},
  author={Deignan, Alice},
  year={2005},
  publisher={John Benjamins Publishing}
}
@book{ullmann1979,
  title={Semantics: an introduction to the science of meaning},
  author={Ullmann, Stephen},
  year={1979},
  publisher={Barnes \& Noble}
}
@Book{lakoff1999,
  author={Lakoff, George and Johnson, Mark},
  title={Philosophy in the flesh : the embodied mind and its challenge to Western thought},
  publisher={Basic Books},
  year={1999},
  address={New York},
  isbn={0465056741}
}
@book{lakoffandturner,
  title={More than cool reason: A field guide to poetic metaphor},
  author={Lakoff, George and Turner, Mark},
  year={2009},
  publisher={University of Chicago Press}
}
@book{brooke1970,
  title={A grammar of metaphor},
  author={Brooke-Rose, Christine},
  year={1970},
  publisher={Secker \& Warburg}
}
@book{sato1992,
  title={レトリック感覚},
  author={佐藤 信夫},
  year={1992},
  publisher={講談社}
}
@book{rhetoricjiten,
  title={レトリック事典},
  author={佐藤 信夫 and 松尾 大 and 佐々木 健一},
  year={2006},
  publisher={大修館書店}
}
@article{ortony,
  title={Beyond literal similarity.},
  author={Ortony, Andrew},
  journal={Psychological review},
  volume={86},
  number={3},
  pages={161},
  year={1979}
}
@book{koevecses,
  title={Metaphor in culture: Universality and variation},
  author={K\"{o}vecses, Zolt\'{a}n},
  year={2005},
  publisher={Cambridge University Press}
}
@InProceedings{shutova2010,
  author={Shutova, Ekaterina and Teufel, Simone},
  title={Metaphor Corpus Annotated for Source -- Target Domain Mappings},
  booktitle={Proc. of the Seventh Conference on International Language Resources and Evaluation},
  year={2010},
}
@techreport{master,
  title={Master Metaphor List},
  author={Lakoff, George and Espenson, Jane and Schwartz, Alan},
  year={1991},
  publisher={University of California at Berkeley}
}
@Book{nakamura1995,
  author={明, 中村},
  title={比喩表現辞典},
  publisher={角川書店},
  year={1995}
}
@book{nikkoku,
  publisher={小学館},
  title={精選版 日本国語大辞典},
  editor={小学館国語辞典編集部},
  year={2006}
}
@book{ennikkoku,
  publisher={Shogakukan},
  title={Nihon Kokugo Daijiten, Concise edition (in Japanese)},
  editor={Shogakukan Kokugo Jiten Henshubu},
  year={2006}
}
@book{meikai,
  publisher={三省堂},
  title={新明解国語辞典 第七版},
  editor={山田 忠男 and 柴田 武 and 酒井 憲二 and 倉持 保男 and 山田 明雄 and 上野 善道 and 井島 正博 and 笹原 宏之},
  year={2011}
}
@book{enmeikai,
  publisher={Sanseido},
  title={Shin Meikai Kokugo Jiten, 7th edition (in Japanese)},
  editor={Yamada, Tadao and Shibata, Takeshi and Sakai, Kenji and Kuramochi, Yasuo and Yamada, Akio and Uwano, Zendo and Ijima, Masahiro and Sasahara, Hiroyuki},
  year={2011}
}

@article{johnson2009,
  title={Anger and flaming in computer-mediated negotiation among strangers },
  journal={Decision Support Systems},
  volume={46},
  number={3},
  pages={660 - 672},
  year={2009},
  note={Wireless in the Healthcare},
  doi={http://doi.org/10.1016/j.dss.2008.10.008},
  url={http://www.sciencedirect.com/science/article/pii/S0167923608001851},
  author={Norman A. Johnson and Randolph B. Cooper and Wynne W. Chin}
}
@article{lakoff1993,
  title={The contemporary theory of metaphor},
  author={Lakoff, George},
  year={1993}
}
@book{leech2014,
  title={A linguistic guide to English poetry},
  author={Leech, Geoffrey N},
  year={2014},
  publisher={Routledge}
}
@book{black2011,
  title={Politicians and rhetoric: The persuasive power of metaphor},
  author={Charteris-Black, Jonathan},
  year={2011},
  publisher={Springer}
}
@InProceedings{mohammad2016,
  title={Metaphor as a Medium for Emotion: An Empirical Study},
  author={Saif M. Mohammad and Ekaterina Shutova and Peter D. Turney},
  booktitle={Proceedings of the Fifth Joint Conference on Lexical and Computational Semantics (*Sem)},
  address={Berlin, Germany},
  year={2016}
}
@article{shutova2013,
  title={Statistical metaphor processing},
  author={Shutova, Ekaterina and Teufel, Simone and Korhonen, Anna},
  journal={Computational Linguistics},
  volume={39},
  number={2},
  pages={301--353},
  year={2013},
  publisher={MIT Press}
}
@article{terai2010,
  title={A computational system of metaphor generation with evaluation mechanism},
  author={Terai, Asuka and Nakagawa, Masanori},
  journal={Artificial Neural Networks--ICANN 2010},
  pages={142--147},
  year={2010},
  publisher={Springer}
}
