@inproceedings{kawahara2002,
  author = {Kawahara, Daisuke
    and Kurohashi, Sadao
    and Hasida, K\^{o}ti},
  title = {Construction of a {J}apanese Relevance-tagged Corpus},
  booktitle = 	{Proceedings of the Third International Conference on Language Resources and Evaluation},
  year = {2002},
  publisher = {European Language Resources Association},
}
@inproceedings{kawahara2006a,
  author =  {Kawahara, Daisuke
    and Kurohashi, Sadao},
  title = {Case Frame Compilation from the Web using High-Performance Computing},
  booktitle = {Proceedings of the Fifth International Conference on Language Resources and Evaluation},
  year =  {2006},
  publisher = {European Language Resources Association},
}

@inproceedings{kawahara2006b,
  author =  {Kawahara, Daisuke
     and Kurohashi, Sadao},
  title = {A Fully-Lexicalized Probabilistic Model for {J}apanese Syntactic and Case Structure Analysis},
  booktitle = {Proceedings of the Human Language Technology Conference of the NAACL, Main Conference},
  year = {2006},
}
@article{church1990,
  author = {Church, Kenneth Ward
    and Hanks, Patrick},
  title = {word association norms, mutual information, and lexicography},
  journal = {Computational Linguistics},
  year = {1990},
  volume = {16},
  number = {1},
}
@article{banerjee2005,
  title = {Clustering on the unit hypersphere using von {M}ises-{F}isher distributions},
  author = {Banerjee, Arindam and Dhillon, Inderjit S and Ghosh, Joydeep and Sra, Suvrit},
  journal = {Journal of Machine Learning Research},
  volume = {6},
  number = {Sep},
  pages = {1345--1382},
  year = {2005},
}
@article{mikolov2013,
  title={Efficient estimation of word representations in vector space},
  author={Mikolov, Tomas and Chen, Kai and Corrado, Greg and Dean, Jeffrey},
  journal={arXiv preprint arXiv:1301.3781},
  year={2013},
}
@inproceedings{ke2017,
  title={LightGBM: A highly efficient gradient boosting decision tree},
  author={Ke, Guolin and Meng, Qi and Finley, Thomas and Wang, Taifeng and Chen, Wei and Ma, Weidong and Ye, Qiwei and Liu, Tie-Yan},
  booktitle={Advances in Neural Information Processing Systems},
  pages={3149--3157},
  year={2017}
}
@inproceedings{tsvetkov2013,
  author =  {Tsvetkov, Yulia
    and Mukomel, Elena
    and Gershman, Anatole},
  title =  {Cross-Lingual Metaphor Detection Using Common Semantic Features},
  booktitle =  {Proceedings of the First Workshop on Metaphor in NLP},
  year =  {2013},
  publisher =  {Association for Computational Linguistics},
  pages =  {45--51},
}
@InProceedings{tsvetkov2014,
  author =  {Tsvetkov, Yulia
    and Boytsov, Leonid
    and Gershman, Anatole
    and Nyberg, Eric
    and Dyer, Chris},
  title =  {Metaphor Detection with Cross-Lingual Model Transfer},
  booktitle =  {Proceedings of the 52nd Annual Meeting of the Association for Computational Linguistics (Volume 1: Long Papers)},
  year =  {2014},
  publisher =  {Association for Computational Linguistics},
  pages =  {248--258},
}

@book{steen2010,
 author={Steen, Gerard J.
   and Dorst, Aletta G.
   and Herrmann, J. Berenike
   and Kaal, Anna
   and Krennmayr, Tina
   and Pasma, Trijntje},
 title={A Method for Linguistic Metaphor Identification: From MIP to MIPVU},
 publisher={John Benjamins Publishing},
 year={2010},
}
@inproceedings{birke2007,
  author = {Birke, Julia
    and Sarkar, Anoop},
  title = {Active Learning for the Identification of Nonliteral Language},
  booktitle =  {Proceedings of the Workshop on Computational Approaches to Figurative Language},
  year = {2007},
  publisher = {Association for Computational Linguistics},
  pages = {21--28},
}
@inproceedings{birke2006,
  author =  {Birke, Julia
    and Sarkar, Anoop},
  title =  {A Clustering Approach for Nearly Unsupervised Recognition of Nonliteral Language},
  booktitle =  {11th Conference of the European Chapter of the Association for Computational Linguistics},
  year =  {2006},
}

@inproceedings{isahara2008,
  author = {Isahara, Hitoshi
    and Bond, Fransis
    and Uchimoto, Kiyotaka
    and Utiyama, Masao
    and Kanzaki, Kyoko},
  title = {Development of the {J}apanese {W}ord{N}et},
  booktitle = {Proceedings of the Sixth International Conference on Language Resources and Evaluation},
  year = {2008},
}
@inproceedings{terai2008,
  title = {A corpus-based computational model of metaphor understanding incorporating dynamic interaction},
  author = {Terai, Asuka and Nakagawa, Masanori},
  booktitle = {International Conference on Artificial Neural Networks},
  pages = {443--452},
  year = {2008},
  organization = {Springer}
}
@inproceedings{terai2012,
  title = {Examining an evaluation mechanism of metaphor generation with experiments and computational model simulation},
  author = {Terai, Asuka and Abe, Keiga and Nakagawa, Masanori},
  booktitle = {International Conference on Artificial Neural Networks},
  pages = {403--410},
  year = {2012},
  organization = {Springer}
}
@article{kitada2001,
  author = {Kitada, Junya and Hagiwara, Masafumi},
  title = {Figurative composition support system using electronic dictionaries (in {J}apanese)},
  journal = {Transactions of Information Processing Society of Japan},
  publisher = {Information Processing Society of Japan},
  year = {2001},
  volume = {42},
  number = {5},
  pages = {1232--1241}
}
@book{black2011,
  title = {Politicians and rhetoric: The persuasive power of metaphor},
  author = {Charteris-Black, Jonathan},
  year = {2011},
  publisher = {Springer}
}
@book{yamada2011,
  publisher = {Sanseido},
  title = {Shin Meikai Kokugo Jiten (in Japanese)},
  editor = {Yamada, Tadao and Shibata, Takeshi and Sakai, Kenji and Kuramochi, Yasuo and Yamada, Akio and Uwano, Zendo and Ijima, Masahiro and Sasahara, Hiroyuki},
  edition = {seventh},
  year = {2011}
}
@article{miller1995,
  title = {WordNet: a lexical database for {E}nglish},
  author = {Miller, George A.},
  journal = {Communications of the ACM},
  volume = {38},
  number = {11},
  pages = {39--41},
  year = {1995},
  publisher = {ACM}
}
@inproceedings{ciaramita2006,
  author = {Ciaramita, Massimiliano
    and Altun, Yasemin},
  title = {Broad-Coverage Sense Disambiguation and Information Extraction with a Supersense Sequence Tagger},
  booktitle = {Proceedings of the 2006 Conference on Empirical Methods in Natural Language Processing},
  year = {2006},
  publisher = {Association for Computational Linguistics},
  pages = {594--602},
}
@inproceedings{xiao2013,
  title = {Generating Apt Metaphor Ideas for Pictorial Advertisements.},
  author = {Xiao, Ping and Blat, Josep},
  booktitle = {Proceedings of the Fourth International Conference on Computational Creativity},
  pages = {8--15},
  year = {2013}
}
@inproceedings{abe2006,
  title = {A computational model of metaphor generation process},
  author = {Abe, Keiga and Sakamoto, Kayo and Nakagawa, Masanori},
  booktitle = {Proceedings of the 28th Annual Meeting of the Cognitive Science Society},
  pages = {937--942},
  year = {2006}
}
@article{terai2010,
  title = {A computational system of metaphor generation with evaluation mechanism},
  author = {Terai, Asuka and Nakagawa, Masanori},
  journal = {Artificial Neural Networks--ICANN 2010},
  pages = {142--147},
  year = {2010},
  publisher = {Springer}
}
@inproceedings{miyazawa2016,
  author =  {宮澤 彬
    and 吉田 奈央
    and 宮尾 祐介},
  title = {日本語メタファーコーパス作成のためのガイドライン},
  booktitle = {言語処理学会第22回年次大会 発表論文集},
  year =  {2016},
  publisher = {言語処理学会},
}
@inproceedings{miyazawa2017,
  author =  {Miyazawa, Akira
    and Miyao, Yusuke},
  title = {Evaluation Metrics for Automatically Generated Metaphorical Expressions},
  booktitle = {Proceedings of the 12th International Conference on Computational Semantics (Short papers)},
  year = {2017},
}
@inproceedings{mohammad2016,
  title = {Metaphor as a Medium for Emotion: An Empirical Study},
  author = {Saif M. Mohammad and Ekaterina Shutova and Peter D. Turney},
  booktitle = {Proceedings of the Fifth Joint Conference on Lexical and Computational Semantics (*Sem)},
  address = {Berlin, Germany},
  year = {2016}
}
@article{shutova2013,
  author = {Shutova, Ekaterina
    and Teufel, Simone
    and Korhonen, Anna},
  title = {Statistical Metaphor Processing},
  journal = {Computational Linguistics},
  year = {2013},
  volume = {39},
  number = {2},
}
@inproceedings{iwayama1990,
  author = {Iwayama, Makoto and Tokunaga, Takenobu and Tanaka, Hozumi},
  title = {A Method of Calculating the Measure of Salience in Understanding Metaphors},
  booktitle = {Proceedings of the Eighth National Conference on Artificial Intelligence - Volume 1},
  series = {AAAI'90},
  year = {1990},
  pages = {298--303},
  numpages = {6},
  publisher = {AAAI Press},
}
@article{iwayama1991,
  title = {比喩を含む言語理解における顕現性の役割},
  author = {岩山 真 and 徳永 健伸 and 田中 穂積},
  journal = {人工知能学会誌},
  volume = {6},
  number = {5},
  pages = {674--681},
  year = {1991}
}
@book{richards1965,
  title={The Philosophy of Rhetoric},
  author={Richards, I. A.},
  year={1965},
  publisher={Oxford University Press}
}
@inproceedings{turney2011,
  author = {Turney, Peter
   and Neuman, Yair
   and Assaf, Dan
   and Cohen, Yohai},
  title =  {Literal and Metaphorical Sense Identification through Concrete and Abstract Context},
  booktitle =  {Proceedings of the 2011 Conference on Empirical Methods in Natural Language Processing},
  year =  {2011},
  publisher = {Association for Computational Linguistics},
  pages = {680--690},
}
@inproceedings{broadwell2013,
  author = {Broadwell, George Aaron
    and Boz, Umit
    and Cases, Ignacio
    and Strzalkowski, Tomek
    and Feldman, Laurie
    and Taylor, Sarah
    and Shaikh, Samira
    and Liu, Ting
    and Cho, Kit
    and Webb, Nick},
  title = {Using Imageability and Topic Chaining to Locate Metaphors in Linguistic Corpora},
  booktitle = {Social Computing, Behavioral-Cultural Modeling and Prediction},
  year = {2013},
  publisher = {Springer Berlin Heidelberg},
  address = {Berlin, Heidelberg},
  pages = {102--110},
}
@article{wilson1988,
  author= {Wilson, Michael},
  title= {{MRC} psycholinguistic database: Machine-usable dictionary, version 2.00},
  journal= {Behavior Research Methods, Instruments, {\&} Computers},
  year= {1988},
  volume= {20},
  number= {1},
  pages= {6--10},
}
@InProceedings{huang2012,
  author = {Huang, Eric
    and Socher, Richard
    and Manning, Christopher
    and Ng, Andrew},
  title = {Improving Word Representations via Global Context and Multiple Word Prototypes},
  booktitle = {Proceedings of the 50th Annual Meeting of the Association for Computational Linguistics (Volume 1: Long Papers)},
  year = {2012},
  publisher = {Association for Computational Linguistics},
  pages = {873--882},
}
@book{deignan2005,
  title={Metaphor and Corpus Linguistics},
  author={Deignan, Alice},
  year={2005},
  publisher={John Benjamins Publishing}
}
@incollection{lakoff1993,
  title = {The contemporary theory of metaphor},
  editor = {Ortony, Andrew},
  booktitle = {Metaphor and Thought},
  author = {Lakoff, George},
  chapter = {11},
  pages = {202--251},
  year = {1993},
  edition = {second},
  publisher = {Cambridge University Press}
}
@article{bradley1952,
  author = {Ralph Allan Bradley and Milton E. Terry},
  journal = {Biometrika},
  number = {3/4},
  pages = {324--345},
  publisher = {Oxford University Press, Biometrika Trust},
  title = {Rank Analysis of Incomplete Block Designs: I.\ The Method of Paired Comparisons},
  volume = {39},
  year = {1952},
}
@article{ford1957,
  author = {L. R. Ford},
  journal = {The American Mathematical Monthly},
  number = {8},
  pages = {28--33},
  publisher = {Mathematical Association of America},
  title = {Solution of a Ranking Problem from Binary Comparisons},
  volume = {64},
  year = {1957},
}
@book{rhetoric,
  author = {Aristotle},
  note = {translated by W. Rhys Roberts},
  title = {Rhetoric},
  publisher = {Dover Publications},
  year = {2004}
}
@incollection{low2010,
  title={Wot no similes? The curious absence of simile in university lectures},
  author={Low, Graham},
  booktitle ={Researching and applying metaphor in the real world},
  editor = {Low, Graham and Todd, Zazie and Deignan, Alice and Cameron, Lynne},
  pages={291--308},
  year={2010},
  publisher={John Benjamins Publishing},
}
@article{pragglejaz2007,
  title = {{MIP}: A method for identifying metaphorically used words in discourse},
  author = {{Pragglejaz Group}},
  journal = {Metaphor and symbol},
  volume = {22},
  number = {1},
  pages = {1--39},
  year = {2007},
  publisher = {Taylor \& Francis}
}
@book{lakoff1987,
  title = {Women, fire, and dangerous things},
  author = {Lakoff, George},
  year = {1987},
  publisher = {University of Chicago press}
}
@book{lakoff1980,
  title={Metaphors we live by},
  author={Lakoff, George and Johnson, Mark},
  year={2008},
  publisher={University of Chicago press}
}
@book{williams1986,
  title = {Teaching for the two-sided mind},
  author = {Williams, Linda},
  year = {1986},
  publisher = {Simon and Schuster}
}
@inproceedings{zharikov2002,
  title = {Why do metaphors seem deeper than similes?},
  author = {Zharikov, Sergey S and Gentner, Dedre},
  booktitle = {Proceedings of the Annual Meeting of the Cognitive Science Society},
  volume = {24},
  number = {24},
  year = {2002}
}
@book{nabeshima2011,
  title = {Metaphor in Japanese [Nihongo-no metafaa]},
  year = {2011},
  author = {Nabeshima, Kojiro},
  publisher = {Kuroshio Publishers}
}
@book{nabeshima2011ja,
  title = {日本語のメタファー},
  year = {2011},
  author = {鍋島 弘治朗},
  publisher = {くろしお出版}
}
@book{poetics,
  title = {Poetics {\normalfont (Rudolph Kassel Ed.)}},
  author = {Aristotle},
  year = {1966},
  publisher = {Clarendon Press}
}
@inproceedings{faruqui2014,
  author = {Faruqui, Manaal
    and Dyer, Chris},
  title = {Improving Vector Space Word Representations Using Multilingual Correlation},
  booktitle = {Proceedings of the 14th Conference of the European Chapter of the Association for Computational Linguistics},
  year = {2014},
  publisher = {Association for Computational Linguistics},
  pages = {462--471},
}
@article{fleiss1971,
  title = {Measuring nominal scale agreement among many raters.},
  author = {Fleiss, Joseph L},
  journal = {Psychological Bulletin},
  volume = {76},
  number = {5},
  pages = {378},
  year = {1971},
  publisher = {American Psychological Association}
}
