@article{luxburg2007spectral,
  title={A tutorial on spectral clustering},
  author={von Luxburg, Ulrike},
  journal={Statistics and computing},
  volume={17},
  number={4},
  pages={395{\textendash}416},
  year={2007},
  publisher={Springer}
}
@article{simovici2008,
  title={Mathematical tools for data mining},
  author={Simovici, Dan A and Djeraba, Chabane},
  journal={Advanced Information and Knowledge Processing},
  pages={129{\textendash}172},
  year={2008},
  publisher={Springer}
}
@book{murphy2012,
  title={Machine learning: a probabilistic perspective},
  author={Murphy, Kevin P},
  year={2012}
}
