@InProceedings{hyeju2016,
  author = {Jang, Hyeju
    and Jo, Yohan
    and Shen, Qinlan
    and Miller, Michael
    and Moon, Seungwhan
    and Rose, Carolyn},
  title = {Metaphor Detection with Topic Transition, Emotion and Cognition in Context},
  booktitle = {Proceedings of the 54th Annual Meeting of the Association for Computational Linguistics},
  year = {2016},
  publisher = {ACL},
  pages = {216--225},
  location = {Berlin, Germany},
  url = {http://aclweb.org/anthology/P16-1021}
}
@article{fainsilber1987,
  title = {Metaphorical uses of language in the expression of emotions},
  author = {Fainsilber, Lynn and Ortony, Andrew},
  journal = {Metaphor and Symbol},
  volume = {2},
  number = {4},
  pages = {239--250},
  year = {1987},
  publisher = {Taylor \& Francis}
}
@article{tausczik2010,
  title = {The psychological meaning of words: LIWC and computerized text analysis methods},
  author = {Tausczik, Yla R and Pennebaker, James W},
  journal = {Journal of language and social psychology},
  volume = {29},
  number = {1},
  pages = {24--54},
  year = {2010},
  publisher = {Sage Publications}
}
@Inbook{jang2015,
  author = {Jang, Hyeju
    and Moon, Seungwhan
    and Jo, Yohan
    and Rose, Carolyn},
  chapter = {Metaphor Detection in Discourse},
  title = {Proceedings of the 16th Annual Meeting of the Special Interest Group on Discourse and Dialogue},
  year = {2015},
  publisher = {ACL},
  pages = {384--392},
  location = {Prague, Czech Republic},
  url = {http://aclweb.org/anthology/W15-4650}
}

@InProceedings{daume2007,
  author = {Daum\'{e} III, Hal},
  title = {Frustratingly Easy Domain Adaptation},
  booktitle = {Proceedings of the 45th Annual Meeting of the Association of Computational Linguistics},
  year = {2007},
  publisher = {ACL},
  pages = {256--263},
  location = {Prague, Czech Republic},
  url = {http://aclweb.org/anthology/P07-1033}
}
@book{steen2010,
   author = {Steen, Gerard J. and Dorst, Aletta G. and Herrmann, J. Berenike and Kaal, Anna and Krennmayr, Tina and Pasma, Trijntje},
   title = {A Method for Linguistic Metaphor Identification: From MIP to MIPVU},
   publisher = {John Benjamins Publishing},
   year = {2010},
   url = {https://benjamins.com/#catalog/books/celcr.14/main}
}
@article{utsumi1998,
  title = {An Affective-Similarity-Based Method for Comprehending Attributional Metaphors},
  author = {Akira Utsumi and Koichi Hori and Setsuo Ohsuga},
  journal = {Journal of Natural Language Processing},
  volume = {5},
  number = {3},
  pages = {3-31},
  year = {1998}
}

@article{shutova2013,
  title={Statistical metaphor processing},
  author={Shutova, Ekaterina and Teufel, Simone and Korhonen, Anna},
  journal={Computational Linguistics},
  volume={39},
  number={2},
  pages={301--353},
  year={2013},
  publisher={MIT Press},
  url={http://aclanthology.info/papers/statistical-metaphor-processing}
}
@InProceedings{li2010,
  author = {Li, Linlin and Sporleder, Caroline},
  title = {Using Gaussian Mixture Models to Detect Figurative Language in Context},
  booktitle = {Human Language Technologies: The 2010 Annual Conference of the North American Chapter of the Association for Computational Linguistics},
  year = {2010},
  publisher = {ACL},
  pages = {297--300},
  location = {Los Angeles, California},
  url = {http://aclweb.org/anthology/N10-1039}
}
@Inbook{birke2007,
  author =  {Birke, Julia and Sarkar, Anoop},
  chapter =  {Active Learning for the Identification of Nonliteral Language},
  title =  {Proceedings of the Workshop on Computational Approaches to Figurative Language},
  year =  {2007},
  publisher =  {ACL},
  pages =  {21--28},
  location =  {Rochester, New York},
  url = {http://aclweb.org/anthology/W07-0104}
}
@inproceedings{tsvetkov2014,
  author = {Tsvetkov, Yulia and Boytsov, Leonid and Gershman, Anatole and Nyberg, Eric and Dyer, Chris},
  title = {Metaphor Detection with Cross-Lingual Model Transfer},
  booktitle = {Proceedings of the 52nd Annual Meeting of the Association for Computational Linguistics},
  year = {2014},
  pages = {248--258},
  url = {http://aclanthology.info/papers/metaphor-detection-with-cross-lingual-model-transfer}
}
@inproceedings{jo2011,
  title = {Aspect and sentiment unification model for online review analysis},
  author = {Jo, Yohan and Oh, Alice H},
  booktitle = {Proceedings of the fourth ACM international conference on Web search and data mining},
  pages = {815--824},
  year = {2011},
  organization = {ACM}
}
@Inbook{strzalkowski2013,
  author =  {Strzalkowski, Tomek
    and Broadwell, Aaron George
    and Taylor, Sarah
    and Feldman, Laurie
    and Shaikh, Samira
    and Liu, Ting
    and Yamrom, Boris
    and Cho, Kit
    and Boz, Umit
    and Cases, Ignacio
    and Elliot, Kyle},
  chapter = {Robust Extraction of Metaphor from Novel Data},
  title = {Proceedings of the First Workshop on Metaphor in NLP},
  year = {2013},
  publisher = {ACL},
  pages = {67--76},
  location = {Atlanta, Georgia},
  url =  {http://aclweb.org/anthology/W13-0909}
}
@book{veale2016,
  author = {Veale, Tony and Shutova, Ekaterina and Klebanov, Beata Beigman},
  title = {Metaphor: A Computational Perspective},
  publisher = {Morgan \& Claypool Publishers},
  year = {2016},
  url = {http://www.morganclaypool.com/doi/abs/10.2200/S00694ED1V01Y201601HLT031}
}
@Inbook{heintz2013,
  author = {Heintz, Ilana
    and Gabbard, Ryan
    and Srivastava, Mahesh
    and Barner, Dave
    and Black, Donald
    and Friedman, Majorie
    and Weischedel, Ralph},
  chapter = {Automatic Extraction of Linguistic Metaphors with LDA Topic Modeling},
  title = {Proceedings of the First Workshop on Metaphor in NLP},
  year = {2013},
  publisher = {ACL},
  pages = {58--66},
  location = {Atlanta, Georgia},
  url = {http://aclweb.org/anthology/W13-0908}
}
@inproceedings{broadwell2013,
  title = {Using imageability and topic chaining to locate metaphors in linguistic corpora},
  author = {Broadwell, George Aaron and Boz, Umit and Cases, Ignacio and Strzalkowski, Tomek and Feldman, Laurie and Taylor, Sarah and Shaikh, Samira and Liu, Ting and Cho, Kit and Webb, Nick},
  booktitle = {International Conference on Social Computing, Behavioral-Cultural Modeling, and Prediction},
  pages = {102--110},
  year = {2013},
  organization = {Springer}
}
@article{coltheart1981,
  title = {The MRC psycholinguistic database},
  author = {Coltheart, Max},
  journal = {The Quarterly Journal of Experimental Psychology},
  volume = {33},
  number = {4},
  pages = {497--505},
  year = {1981},
  publisher = {Taylor \& Francis}
}
@article{wilson1988,
  title = {MRC Psycholinguistic Database: Machine-usable dictionary, version 2.00},
  author = {Wilson, Michael},
  journal = {Behavior Research Methods, Instruments, \& Computers},
  volume = {20},
  number = {1},
  pages = {6--10},
  year = {1988},
  publisher = {Springer}
}
@article{kintsch2002,
  title = {Metaphor comprehension: What makes a metaphor difficult to understand?},
  author = {Kintsch, Walter and Bowles, Anita R},
  journal = {Metaphor and symbol},
  volume = {17},
  number = {4},
  pages = {249--262},
  year = {2002},
  publisher = {Taylor \& Francis}
}
@article{kintsch2000,
  title = {Metaphor comprehension: A computational theory},
  author = {Kintsch, Walter},
  journal = {Psychonomic bulletin \& review},
  volume = {7},
  number = {2},
  pages = {257--266},
  year = {2000},
  publisher = {Springer}
}
