@InProceedings{murakami2017,
  author =  {Murakami, Soichiro and Watanabe, Akihiko and Miyazawa, Akira and Goshima, Keiichi and Yanase, Toshihiko and Takamura, Hiroya and Miyao, Yusuke},
  title = {Learning to Generate Market Comments from Stock Prices},
  booktitle = {Proceedings of the 55th Annual Meeting of the ACL},
  year = {2017},
  publisher = {Association for Computational Linguistics},
  pages = {1374--1384},
  doi = {10.18653/v1/P17-1126}
}
@inproceedings{wilson2005,
  title = {Recognizing contextual polarity in phrase-level sentiment analysis},
  author = {Wilson, Theresa and Wiebe, Janyce and Hoffmann, Paul},
  booktitle = {Proceedings of the conference on HLT and EMNLP},
  pages = {347--354},
  year = {2005},
  url = {http://aclanthology.coli.uni-saarland.de/pdf/H/H05/H05-1044.pdf}
}

@InProceedings{dongyeop2017,
  author = 	{Kang, Dongyeop and Gangal, Varun and Lu, Ang and Chen, Zheng and Hovy, Eduard},
  title = {Detecting and Explaining Causes From Text For a Time Series Event},
  booktitle = {Proceedings of the 2017 Conference on EMNLP},
  year = {2017},
  publisher = {Association for Computational Linguistics},
  pages = {2748--2757},
  url = {http://aclweb.org/anthology/D17-1291}
}
@article{granger1988,
  title={Some recent development in a concept of causality},
  author={Granger, Clive WJ},
  journal={Journal of econometrics},
  volume={39},
  number={1-2},
  pages={199--211},
  year={1988},
  publisher={Elsevier}
}
@book{hamilton1994,
  title={Time series analysis},
  author={Hamilton, James Douglas},
  volume={2},
  year={1994},
  publisher={Princeton university press Princeton}
}
@inproceedings{matsubara2012,
  title={Rise and fall patterns of information diffusion: model and implications},
  author={Matsubara, Yasuko and Sakurai, Yasushi and Prakash, B Aditya and Li, Lei and Faloutsos, Christos},
  booktitle={Proceedings of the 18th ACM SIGKDD international conference on Knowledge discovery and data mining},
  pages={6--14},
  year={2012},
  organization={ACM}
}
