@book{bishop2008,
  title={パターン認識と機械学習 上},
  author={C. M. ビショップ},
  year={2008},
  publisher={シュプリンガージャパン}
}
@book{murphy2012,
  title={Machine learning: a probabilistic perspective},
  author={Murphy, Kevin P.},
  year={2012},
  publisher={MIT press}
}
@book{unno2015,
  title={オンライン機械学習 (機械学習プロフェッショナルシリーズ)},
  author={海野裕也 and 岡野原大輔 and 得居誠也 and 徳永拓之},
  year={2015},
  publisher={講談社}
}
@article{manton2012,
  title={Differential calculus, tensor products and the importance of notation},
  author={Manton, Jonathan H.},
  journal={arXiv preprint arXiv:1208.0197},
  year={2012}
}
@misc{mantonsblog,
  author={Manton, Jonathan H.},
  note={\url{https://jmanton.wordpress.com/tag/frechet-derivative}},
  year={2010}
}
