@article{friedman2000,
  title={Additive logistic regression: a statistical view of boosting (with discussion and a rejoinder by the authors)},
  author={Friedman, Jerome and Hastie, Trevor and Tibshirani, Robert and others},
  journal={The annals of statistics},
  year={2000},
  publisher={Institute of Mathematical Statistics}
}
@article{freund1996,
  title={Experiments with a new boosting algorithm},
  author={Freund, Yoav and Schapire, Robert E},
  year={1996}
}
@book{bishop2008,
  title={パターン認識と機械学習 下},
  author={C. M. ビショップ},
  year={2008},
  publisher={シュプリンガージャパン}
}
@book{prml,
  author={Christopher M. Bishop},
  title={Pattern Recognition and Machine Learning},
  publisher={Springer},
  year={2006},
}
@book{murphy2012,
  title={Machine Learning: A Probabilistic Perspective},
  author={Murphy, Kevin P},
  year={2012}
}
@book{hastie2009,
  title={The Elements of Statistical Learning: data mining, inference and prediction},
  author={Hastie, Trevor and Tibshirani, Robert and Friedman, Jerome},
  year={2009},
  edition={second},
  publisher={Springer}
}
@book{breiman1984,
  title={Classification and regression trees},
  author={Breiman, Leo and Friedman, Jerome and Stone, Charles J and Olshen, Richard A},
  year={1984},
  publisher={CRC press}
}
@book{hajipata,
  title={はじめてのパターン認識},
  author={平井有三},
  year={2012},
  publisher={森北出版}
}
