@book{bishop2008,
  title={パターン認識と機械学習 上},
  author={C. M. ビショップ},
  year={2008},
  publisher={シュプリンガージャパン}
}
@book{barbu2012convexity,
  title={Convexity and optimization in Banach spaces},
  author={Barbu, Viorel and Precupanu, Teodor},
  year={2012},
  publisher={Springer Science \& Business Media}
}
@book{bogachev2007measure,
  title={Measure theory},
  author={Bogachev, Vladimir I},
  volume={1},
  year={2007},
  publisher={Springer Science \& Business Media}
}
@book{borwein2010convex,
  title={Convex analysis and nonlinear optimization: theory and examples},
  author={Borwein, Jonathan M and Lewis, Adrian S},
  year={2010},
  publisher={Springer Science \& Business Media}
}
@article{golberg1972derivative,
  title={The derivative of a determinant},
  author={Golberg, MA},
  journal={American Mathematical Monthly},
  pages={1124--1126},
  year={1972},
  publisher={JSTOR}
}
