@InProceedings{zhang2011,
  author={Zhang, Yue and Clark, Stephen},
  title={Shift-Reduce {CCG} Parsing},
  booktitle={Proceedings of the 49th Annual Meeting of ACL},
  year={2011},
  pages={683--692}
}
@InProceedings{ambati2015,
  author={Ambati, Ram Bharat and Deoskar, Tejaswini and Johnson, Mark and Steedman, Mark},
  title={An Incremental Algorithm for Transition-based {CCG} Parsing},
  booktitle={Proceedings of the 2015 Conference of NAACL},
  year={2015},
  pages={53--63}
}
@InProceedings{auli2011,
  author={Auli, Michael and Lopez, Adam},
  title={A Comparison of Loopy Belief Propagation and Dual Decomposition for Integrated {CCG} Supertagging and Parsing},
  booktitle={Proceedings of the 49th Annual Meeting of ACL},
  year={2011},
  pages={470--480}
}
@InProceedings{xu2014,
  author={Xu, Wenduan and Clark, Stephen and Zhang, Yue},
  title={Shift-Reduce {CCG} Parsing with a Dependency Model},
  booktitle={Proceedings of the 52nd Annual Meeting of ACL},
  year={2014},
  pages={218--227}
}
@InProceedings{pareschi1987,
  author={Pareschi, Remo and Steedman, Mark},
  title={A Lazy way to Chart-Parse with Categorial Grammars},
  booktitle={Proceedings of the 25th Annual Meeting of ACL},
  year={1987}
}
