@comment{
  Rhetoric
}
@book{rhetoricjiten,
  title={レトリック事典},
  author={佐藤 信夫 and 松尾 大 and 佐々木 健一},
  year={2006},
  publisher={大修館書店}
}
@book{rhetorickankaku,
  title={レトリック感覚},
  author={佐藤 信夫},
  year={1992},
  publisher={講談社}
}
@comment{
  Salience
}
@article{tversky,
  title={Features of similarity.},
  author={Tversky, Amos},
  journal={Psychological review},
  volume={84},
  number={4},
  pages={327},
  year={1977}
}
@article{ortony,
  title={Beyond literal similarity.},
  author={Ortony, Andrew},
  journal={Psychological review},
  volume={86},
  number={3},
  pages={161},
  year={1979}
}
@article{iwayama,
  title={比喩を含む言語理解における顕現性の役割},
  author={岩山 真 and 徳永 健伸 and 田中 穂積},
  journal={人工知能学会誌},
  volume={6},
  number={5},
  pages={674--681},
  year={1991}
}
@article{eiwayama,
  title={比喩を含む言語理解における顕現性の役割},
  author={Iwayama, Makoto and Tokunaga, Takenobu and Tanaka, Hozumi},
  journal={人工知能学会誌},
  volume={6},
  number={5},
  pages={674--681},
  year={1991}
}
@comment{
  CMT
}
@book{lakoff1980,
  title={Metaphors We Live By},
  author={Lakoff, George and Johnson, Mark},
  year={1980},
  publisher={University of Chicago Press}
}
@book{mastermetaphorlist,
  title={Master metaphor list},
  author={Lakoff, George and Espenson, Jane and Schwartz, Alan},
  year={1991},
  publisher={University of California}
}
@article{lakoff1993,
  title={The contemporary theory of metaphor},
  author={Lakoff, George},
  journal={Metaphor and thought},
  volume={2},
  pages={202--251},
  year={1993},
  publisher={Cambridge}
}
@book{lakoff1990women,
  title={Women, Fire, and Dangerous things: What categories reveal about the mind},
  author={Lakoff, George},
  year={1990},
  publisher={Cambridge University Press}
}
@article{shutova2013,
  title={Statistical metaphor processing},
  author={Shutova, Ekaterina and Teufel, Simone and Korhonen, Anna},
  journal={Computational Linguistics},
  volume={39},
  number={2},
  pages={301--353},
  year={2013},
  publisher={MIT Press},
  url={http://aclanthology.info/papers/statistical-metaphor-processing}
}
@InProceedings{shutova2010,
  author={Shutova, Ekaterina and Teufel, Simone},
  title={Metaphor Corpus Annotated for Source - Target Domain Mappings},
  booktitle={Proc. of the Seventh Conference on International Language Resources and Evaluation},
  year={2010},
}
@comment{
  LSA
}
@book{gibbs,
  author={Gibbs, Raymond},
  title={The Poetics of Mind: Figurative Thought, Language, and Understanding},
  publisher={Cambridge University Press},
  year={1994}
}
@comment{
  Corpus
}
@article{pragglejaz2007,
  title={{MIP}: A Method for Identifying Metaphorically Used Words in Discourse},
  author={Pragglejaz{\ }Group},
  journal={Metaphor and Symbol},
  volume={22},
  number={1},
  pages={1--39},
  year={2007},
  publisher={Taylor \& Francis}
}
@book{steen2010,
   author={Steen, Gerard J. and Dorst, Aletta G. and Herrmann, J. Berenike and Kaal, Anna and Krennmayr, Tina and Pasma, Trijntje},
   title={A Method for Linguistic Metaphor Identification: From MIP to MIPVU},
   publisher={John Benjamins Publishing},
   year={2010},
   url={https://benjamins.com/#catalog/books/celcr.14/main}
}
@inproceedings{birke2006,
  author={Birke, Julia and Sarkar, Anoop},
  title={A Clustering Approach for Nearly Unsupervised Recognition of Nonliteral Language},
  booktitle={11th Conference of the European Chapter of the Association for Computational Linguistics},
  year={2006},
  url={http://aclanthology.info/papers/a-clustering-approach-for-nearly-unsupervised-recognition-of-nonliteral-language}
}
@InProceedings{birke2007,
  author={Birke, Julia and Sarkar, Anoop},
  title={Active Learning for the Identification of Nonliteral Language},
  booktitle={Proc. of the Workshop on Computational Approaches to Figurative Language},
  year={2007},
  pages={21--28},
  url={http://aclanthology.info/papers/active-learning-for-the-identification-of-nonliteral-language}
}
@book{deignan,
  title={Metaphor and Corpus Linguistics},
  author={Deignan, Alice},
  year={2005},
  publisher={John Benjamins Publishing},
  note={渡辺秀樹・大森文子・加野まきみ・小塚良孝訳，「コーパスを活用した認知言語学」，大修館書店}
}
@article{crisp,
  title={Metaphorical propositions: a rationale},
  author={Crisp, Peter},
  journal={Language and Literature},
  volume={11},
  number={1},
  pages={7--16},
  year={2002},
  publisher={Sage Publications}
}
@comment{
  others
}
@article{richards,
  title={The philosophy of rhetoric},
  author={Richards, Ivor},
  year={1937}
}
@article{utsumi1998,
  title={An affective-similarity-based method for comprehending attributional metaphors},
  author={Utsumi, Akira and Hori, Koichi and Ohsuga, Setsuo},
  journal={Journal of Natural Language Processing},
  volume={5},
  number={3},
  pages={3--31},
  year={1998}
}
@article{tokunaga,
  title={比喩理解のための言語処理},
  author={徳永 健伸 and 寺井 あすか},
  journal={月刊言語},
  volume={37},
  number={8},
  pages={46--53},
  year={2008}
}
@inproceedings{shutova2010models,
  title={Models of metaphor in NLP},
  author={Shutova, Ekaterina},
  booktitle={Proc. of the 48th annual meeting of the association for computational linguistics},
  pages={688--697},
  year={2010}
}
@article{utsumi,
  title={比喩理解への計算論的アプローチ},
  author={内海 彰},
  journal={認知科学},
  volume={20},
  number={2},
  pages={249--266},
  year={2013},
  url={https://www.jstage.jst.go.jp/article/jcss/20/2/20_249/_article/-char/ja/}
}
@book{kövecses,
  title={Metaphor in culture: Universality and variation},
  author={Kövecses, Zoltán},
  year={2005},
  publisher={Cambridge University Press}
}
@article{lakoff1991,
  title={Metaphor and War: The metaphor system used to justify war in the Gulf},
  author={Lakoff, George},
  journal={Peace Research},
  pages={25--32},
  year={1991},
  publisher={JSTOR}
}
@article{boers2001remembering,
  title={Remembering figurative idioms by hypothesising about their origin},
  author={Boers, Frank and others},
  year={2001},
  publisher={AMEP Research Centre}
}
@article{boers2007presenting,
  title={Presenting figurative idioms with a touch of etymology: more than mere mnemonics?},
  author={Boers, Frank and Eyckmans, June and Stengers, H{\'e}l{\`e}ne},
  journal={Language Teaching Research},
  volume={11},
  number={1},
  pages={43--62},
  year={2007},
  publisher={Sage Publications}
}
@article{emanatian,
  title={Metaphor and the expression of emotion: The value of cross-cultural perspectives},
  author={Emanatian, Michele},
  journal={Metaphor and Symbol},
  volume={10},
  number={3},
  pages={163--182},
  year={1995},
  publisher={Taylor \& Francis}
}
@book{fernando,
  title={Idioms and idiomaticity},
  author={Fernando, Chitra},
  year={1996},
  publisher={Oxford University Press, USA}
}
@book{veale,
  author={Veale, Tony and Shutova, Ekaterina and Klebanov, Beata Beigman},
  title={Metaphor: A Computational Perspective},
  publisher={Morgan \& Claypool Publishers},
  year={2016},
  url={http://www.morganclaypool.com/doi/abs/10.2200/S00694ED1V01Y201601HLT031}
}
@inproceedings{tsvetkov2014,
  author={Tsvetkov, Yulia and Boytsov, Leonid and Gershman, Anatole and Nyberg, Eric and Dyer, Chris},
  title={Metaphor Detection with Cross-Lingual Model Transfer},
  booktitle={Proc. of the 52nd Annual Meeting of the Association for Computational Linguistics},
  year={2014},
  pages={248--258},
  url={http://aclanthology.info/papers/metaphor-detection-with-cross-lingual-model-transfer}
}
@inproceedings{tsvetkov2013,
  author={Tsvetkov, Yulia and Mukomel, Elena and Gershman, Anatole},
  chapter={Cross-Lingual Metaphor Detection Using Common Semantic Features},
  title={Proceedings of the First Workshop on Metaphor in NLP},
  year={2013},
  pages={45--51}
}
@article{mccloskey1983,
 author={Donald N. McCloskey},
 journal={Journal of Economic Literature},
 number={2},
 pages={481--517},
 publisher={American Economic Association},
 title={The Rhetoric of Economics},
 volume={21},
 year={1983},
 url={http://www.jstor.org/stable/2724987},
}
@article{sowhat,
  title={So what’s an economic metaphor},
  author={Klamer, Arjo and Leonard, Thomas C},
  journal={Natural images in economic thought: markets read in tooth and claw},
  pages={20--51},
  year={1994},
  publisher={Cambridge University Press New York}
}
@article{mccloskey1995,
 author={Donald N. McCloskey},
 journal={Social Research},
 number={2},
 pages={215--237},
 publisher={The New School},
 title={Metaphors Economists Live By},
 volume={62},
 year={1995},
 url={http://www.jstor.org/stable/40971092}
}
@book{cameron,
  title={Metaphor in Educational Discourse},
  author={Cameron, Lynne},
  year={2003},
  publisher={A\&C Black}
}
@inproceedings{yuditha2010,
  title={Indonesian metaphorical conceptualizations of anger: Does anger taste delicious or disgusting},
  year={2010},
  author={Yuditha, Tessa}
}
@article{aksan,
  title={The container metaphor in Turkish expressions of anger},
  author={Aksan, Mustafa},
  journal={Dil ve Edebiyat Dergisi},
  volume={3},
  number={2},
  year={2006}
}
@article{cameron2008,
  title={Metaphor and talk},
  author={Cameron, Lynne},
  journal={The Cambridge handbook of metaphor and thought},
  pages={197--211},
  year={2008},
  publisher={Cambridge University Press}
}
@article{richards1937,
  title={The Philosophy of Rhetoric},
  author={Richards, Ivor},
  year={1937}
}
@article{verbrugge1977,
  title={Metaphoric comprehension: Studies in reminding and resembling},
  author={Verbrugge, Robert R and McCarrell, Nancy S},
  journal={Cognitive psychology},
  volume={9},
  number={4},
  pages={494--533},
  year={1977},
  publisher={Elsevier}
}
@book{dumarsais,
  title={Les Tropes de Dumarsais},
  author={Dumarsais, César Chesneau},
  year={1818},
  publisher={Belin-Le-Prieur}
}
@book{matthews,
  title={The Concise Oxford Dictionary of Linguistics},
  author={Matthews, P. H.},
  series={Oxford Paperback Reference},
  year={2007},
  publisher={Oxford University Press}
}
@book{lakoff1999,
  title={Philosophy in the flesh: The embodied mind and its challenge to western thought},
  author={Lakoff, George and Johnson, Mark},
  year={1999},
  publisher={Basic books}
}
@book{giora2003,
  title={On our mind: Salience, context, and figurative language},
  author={Giora, Rachel},
  year={2003},
  publisher={Oxford University Press New York}
}
@phdthesis{shutovaphdthesis,
  author={Ekaterina Shutova},
  year={2011},
  title={Computational approaches to figurative language},
  school={Computer Laboratory, University of Cambridge, UK}
}
