@article{jauharontologically,
  title  = {Ontologically Grounded Multi-sense Representation Learning for Semantic Vector Space Models},
  author = {Jauhar, Sujay Kumar and Dyer, Chris and Hovy, Eduard},
  year   = {2015},
  url    = {http://www.aclweb.org/anthology/N15-1070}
}
