@book{jones2011,
  title={The phonetics of Russian},
  author={Jones, Daniel and Ward, Dennis},
  year={2011},
  publisher={Cambridge University Press}
}
@book{cubberley2002,
  title={Russian: A linguistic introduction},
  author={Cubberley, Paul},
  year={2002},
  publisher={Cambridge University Press}
}
@book{origa2011,
  title={Inner Universe},
  author={Origa and Snyder, Shanti},
  year={2011},
  series={攻殻機動隊 STAND ALONE COMPLEX O.S.T.+},
  publisher={フライングドッグ},
}
@book{uda2009,
  title={ロシア語文法便覧},
  publisher={東洋書店},
  author={宇多 文雄},
  year={2009},
}
@book{rusdict,
  title={ロシア語辞典},
  year={1995},
  publisher={博友社},
  author={木村 彰一 and 佐藤 純一 and 森安 達也 and 栗原 成郎 and 中村 喜和 and 桑野 隆 and 松井 茂雄},
}
